@book{koza92,
		author    = "Koza, John R.",
		title     = "Genetic Programming: On the Programming of Computers by Means of Natural Selection",
		publisher = "MIT Press",
		year      = "1992"
}


@misc{ wiki:latex,
       author = "Wikipedia",
       title = "LaTeX --- Wikipedia{,} La enciclopedia libre",
       year = "2015",
       howpublished = {\url{https://es.wikipedia.org/w/index.php?title=LaTeX&oldid=84209252}},
       note = "[Internet; descargado 30-septiembre-2015]"
}


@article{bortolot2005,
  title={Estimating forest biomass using small footprint LiDAR data: An individual tree-based approach that incorporates training data},
  author={Bortolot, Zachary J and Wynne, Randolph H},
  journal={ISPRS Journal of Photogrammetry and Remote Sensing},
  volume={59},
  number={6},
  pages={342--360},
  year={2005},
  publisher={Elsevier}
}

@misc{aws:iot,
  author       = "{Amazon Web Services}",
  title        = "{¿Qué es el Internet de las cosas (IoT)?}",
  howpublished = {\url{https://aws.amazon.com/es/what-is/iot/}},
  note         = "[Internet; consultado el 30-junio-2025]"
}

@misc{MerryIoT:manual,
  author       = "{Manuals}",
  title        = "{Manual del MerryIoT Motion Detection}",
  howpublished = {\url{https://manuals.plus/merryiot/ms10-915-motion-detection-manual}},
  note         = "[Internet; consultado el 30-junio-2025]"
}

@misc{ib:iiot,
  author       = "{Iberdrola}",
  title        = "{¿Qué es el Internet industrial de las cosas (IioT)?}",
  howpublished = {\url{https://www.iberdrola.com/innovacion/que-es-iiot#:~:text=QU%C3%89%20ES%20EL%20INTERNET%20INDUSTRIAL,de%20Internet%20a%20aplicaciones%20industriales}},
  note         = "[Internet; consultado el 30-junio-2025]"
}

@misc{IoT:diaimg,
  author       = "{Data-flair}",
  title        = "{Imagen de un diagrama IoT }",
  howpublished = {\url{https://data-flair.training/blogs/how-iot-works/}},
  note         = "[Internet; consultado el 30-junio-2025]"
}

@misc{Moko:Lora,
  author       = "{Moko Smart}",
  title        = "{¿Qué LoRa? }",
  howpublished = {\url{https://www.mokosmart.com/es/lora-technology/#:~:text=LoRa%2C%20Corto%20para%20largo%20alcance,tradicionales%20como%20wifi%20o%20bluetooth.&text=Basado%20en%20la%20definici%C3%B3n%20anterior,consumo%20de%20energ%C3%ADa%20extremadamente%20bajo.}},
  note         = "[Internet; consultado el 30-junio-2025]"
}

@misc{Mono:Lorawan,
  author       = "{Monolitic}",
  title        = "{¿Qué es LoRaWAN? }",
  howpublished = {\url{https://www.monolitic.com/lorawan-que-es-como-funciona/#:~:text=%C2%BFQu%C3%A9%20es%20LoRaWAN%20y%20c%C3%B3mo,5%20km%20en%20entornos%20urbanos..}},
  note         = "[Internet; consultado el 30-junio-2025]"
}

@misc{TTN:Lorawan,
  author       = "{The Things Network}",
  title        = "{Imagen de una Arquitectura LoRaWAN }",
  howpublished = {\url{https://www.thethingsnetwork.org/docs/lorawan/architecture/}},
  note         = "[Internet; consultado el 30-junio-2025]"
}

@misc{TTN:Sec,
  author       = "{The Things Network}",
  title        = "{Seguridad LoRawan }",
  howpublished = {\url{https://www.thethingsnetwork.org/docs/lorawan/security/}},
  note         = "[Internet; consultado el 30-junio-2025]"
}

@misc{TTN:Graf,
  author       = "{The Things Network}",
  title        = "{Imagen de una Grafica comparativa }",
  howpublished = {\url{https://www.thethingsnetwork.org/docs/lorawan/what-is-lorawan/}},
  note         = "[Internet; consultado el 30-junio-2025]"
}

@misc{TTN:TTS,
  author       = "{The Things Network}",
  title        = "{¿Qué es TTS? }",
  howpublished = {\url{https://www.thethingsindustries.com/docs/getting-started/the-things-stack-basics/}},
  note         = "[Internet; consultado el 30-junio-2025]"
}

@book{DTM:Rules,
		author    = "Ian H. Witten Eibe Frank Mark A. Hall Christopher J. Pal.",
		title     = "Data Mining Practical Machine Learning Tools and Techniques Fourth Edition",
		publisher = "Cambridge, MA : Morgan Kaufmanns",
		year      = "2017"
}

@misc{DTM:Aso,
  author       = "{IBM}",
  title        = "{Ventajas del uso de Reglas de asociacion}",
  howpublished = {\url{https://www.ibm.com/docs/es/spss-modeler/saas?topic=nodes-association-rules}},
  note         = "[Internet; consultado el 30-junio-2025]"
}

@misc{Heu:Sec,
  author       = "{ESET}",
  title        = "{Uso de heurística en seguridad informatica}",
  howpublished = {\url{https://help.eset.com/ecsp/6/en-US/ud_antivir_threatsense_options.html#:~:text=Heuristics%20%E2%80%93%20Heuristics%20use%20an%20algorithm,that%20did%20not%20previously%20exist}},
  note         = "[Internet; consultado el 30-junio-2025]"
}

@misc{Haw:Dra,
  author       = "{Dragino}",
  title        = "{Manual del Gateway Dragino LPS8N}",
  howpublished = {\url{https://wiki.dragino.com/xwiki/bin/view/Main/User%20Manual%20for%20All%20Gateway%20models/LPS8N%20-%20LoRaWAN%20Gateway%20User%20Manual/}},
  note         = "[Internet; consultado el 30-junio-2025]"
}


@misc{CDF:tun,
  author       = "{Cloudflare}",
  title        = "{¿Qué es Cloudflare?}",
  howpublished = {\url{https://developers.cloudflare.com/cloudflare-one/connections/connect-networks/}},
  note         = "[Internet; consultado el 30-junio-2025]"
}


@misc{JB:ITJ,
  author       = "{Jetbrains}",
  title        = "{¿Qué es IntelliJ?}",
  howpublished = {\url{https://www.jetbrains.com/es-es/idea/}},
  note         = "[Internet; consultado el 30-junio-2025]"
}

@misc{Mc:Git,
  author       = "{Microsoft}",
  title        = "{¿Qué es Git?}",
  howpublished = {\url{https://learn.microsoft.com/es-es/devops/develop/git/what-is-git}},
  note         = "[Internet; consultado el 30-junio-2025]"
}

@misc{Github,
  author       = "{Github}",
  title        = "{¿Qué es Github?}",
  howpublished = {\url{https://docs.github.com/es/get-started/start-your-journey/about-github-and-git}},
  note         = "[Internet; consultado el 30-junio-2025]"
}

@misc{Sourcetree,
  author       = "{Imagina}",
  title        = "{¿Qué es SourceTree?}",
  howpublished ={\url{https://imaginaformacion.com/tutoriales/sourcetree-que-es-y-para-que-sirve}},
  note         = "[Internet; consultado el 30-junio-2025]"
}

@misc{Overleaf,
  author       = "{Wikipedia}",
  title        = "{¿Qué es Overleaf?}",
  howpublished ={\url{https://es.wikipedia.org/wiki/Overleaf}},
  note         = "[Internet; consultado el 30-junio-2025]"
}

@misc{Docker,
  author       = "{Wikipedia}",
  title        = "{¿Qué es Docker?}",
  howpublished ={\url{https://es.wikipedia.org/wiki/Docker_(software)}},
  note         = "[Internet; consultado el 30-junio-2025]"
}

@misc{Python,
  author       = "{Wikipedia}",
  title        = "{¿Qué es Python?}",
  howpublished ={\url{https://es.wikipedia.org/wiki/Python#:~:text=Python%20es%20un%20lenguaje%20de,en%20menor%20medida%2C%20programaci%C3%B3n%20funcional.}},
  note         = "[Internet; consultado el 30-junio-2025]"
}


@misc{Html,
  author       = "{Wikipedia}",
  title        = "{¿Qué es Html?}",
  howpublished ={\url{https://es.wikipedia.org/wiki/HTML}},
  note         = "[Internet; consultado el 30-junio-2025]"
}

@misc{JavaScript,
  author       = "{Wikipedia}",
  title        = "{¿Qué es JavaScript?}",
  howpublished ={\url{https://es.wikipedia.org/wiki/JavaScript}},
  note         = "[Internet; consultado el 30-junio-2025]"
}

@misc{Rel1,
title = {Herramientas de seguridad defensiva y ofensiva para redes lorawan : desarrollo de un prototipo de módulo de análisis de tráfico basado en wireshark para detección de ataques de denegación usando inspección de tramas lorawan que provea una capa de integración api rest},
year = {Oct-2022},
url = {https://bibdigital.epn.edu.ec/handle/15000/23416?locale=en},
author = {Amaguaña Aguilar y Christian Javier},
}

@misc{Rel2,
title = {Trend Micro Finds LoRaWAN Security Lacking, Develops LoRaPWN Python Utility},
year = {2021},
url = {https://www.hackster.io/news/trend-micro-finds-lorawan-security-lacking-develops-lorapwn-python-utility-bba60c27d57a},
author = {Gareth Halfacree},
}

@misc{Rel3,
title = {Detecting IoT device compromise using Python},
year = {Aug-2022},
url = {https://www.youtube.com/watch?v=qJAxYC4uu88&ab_channel=PythonNewZealand},
author = {Amith Murthy},
}